<record xmlns="http://www.loc.gov/MARC21/slim" xmlns:xsi="http://www.w3.org/2001/XMLSchema-instance" xsi:schemaLocation="http://www.loc.gov/MARC21/slim http://www.loc.gov/standards/marcxml/schema/MARC21slim.xsd"><leader>01720nam a2200349   4500</leader><controlfield tag="001">002823655</controlfield><controlfield tag="003">NNU</controlfield><controlfield tag="006">m        d        </controlfield><controlfield tag="007">cr cn |||m|||a</controlfield><controlfield tag="008">150222s1954    iq      o     000 0 ara d</controlfield><datafield ind1=" " ind2=" " tag="040"><subfield code="a">NNU</subfield><subfield code="b">eng</subfield><subfield code="c">NNU</subfield></datafield><datafield ind1=" " ind2=" " tag="066"><subfield code="c">(3</subfield></datafield><datafield ind1=" " ind2=" " tag="090"><subfield code="a">PJ7698.A23</subfield><subfield code="b">A6 1954</subfield></datafield><datafield ind1="0" ind2=" " tag="100"><subfield code="6">880-01</subfield><subfield code="a">Ab&#363; al-Aswad al-Du&#700;al&#299;,</subfield><subfield code="d">d. 688</subfield></datafield><datafield ind1="1" ind2="0" tag="245"><subfield code="6">880-02</subfield><subfield code="a">D&#299;w&#257;n Ab&#299; al-Asw&#257;d al-Du&#700;al&#299;</subfield><subfield code="h">[electronic resource] /</subfield><subfield code="c">&#7717;aqqaqahu wa-sharahu wa-qaddama lahu &#699;Abd al-Kar&#299;m al-Dujayl&#299;.</subfield></datafield><datafield ind1=" " ind2=" " tag="250"><subfield code="6">880-03</subfield><subfield code="a">al-&#7788;ab&#699;ah 1.</subfield></datafield><datafield ind1=" " ind2=" " tag="260"><subfield code="6">880-04</subfield><subfield code="a">Baghd&#257;d :</subfield><subfield code="b">Sharikat al-Nashr wa-al-&#7788;ib&#257;&#699;ah al-&#699;Ir&#257;q&#299;yah al-Ma&#7717;d&#363;dah,</subfield><subfield code="c">1954.</subfield></datafield><datafield ind1=" " ind2=" " tag="300"><subfield code="a">online resource (285 p.)</subfield></datafield><datafield ind1=" " ind2=" " tag="500"><subfield code="a">Part of the Arabic Collections Online (ACO) project, contributed by New York Univeristy Libraries.</subfield></datafield><datafield ind1=" " ind2=" " tag="533"><subfield code="a">Electronic reproduction.</subfield><subfield code="b">New York, N.Y. :</subfield><subfield code="c">New York University,</subfield><subfield code="d">2015.</subfield><subfield code="5">NNU</subfield></datafield><datafield ind1="1" ind2=" " tag="700"><subfield code="6">880-05</subfield><subfield code="a">Dujayl&#299;, &#699;Abd al-Kar&#299;m.</subfield></datafield><datafield ind1="2" ind2=" " tag="710"><subfield code="a">New York University.</subfield><subfield code="b">Libraries.</subfield></datafield><datafield ind1="0" ind2=" " tag="730"><subfield code="a">Arabic Collections Online.</subfield></datafield><datafield ind1="0" ind2="8" tag="776"><subfield code="i">Print version:</subfield><subfield code="a">Ab&#363; al-Aswad al-Du&#700;al&#299;, d. 688 880-01</subfield><subfield code="t">D&#299;w&#257;n Ab&#299; al-Asw&#257;d al-Du&#700;al&#299;</subfield><subfield code="w">(NNU)002823655</subfield></datafield><datafield ind1="4" ind2="0" tag="856"><subfield code="u">http://hdl.handle.net/2333.1/bcc2fsrt</subfield></datafield><datafield ind1="0" ind2=" " tag="880"><subfield code="6">100-01/</subfield><subfield code="a">&#1571;&#1576;&#1608; &#1575;&#1571;&#1587;&#1608;&#1583; &#1575;&#1604;&#1583;&#1572;&#1604;&#1610;.</subfield></datafield><datafield ind1="1" ind2="0" tag="880"><subfield code="6">245-02/</subfield><subfield code="a">&#1583;&#1610;&#1608;&#1575;&#1606; &#1571;&#1576;&#1610; &#1575;&#1604;&#1571;&#1587;&#1608;&#1583; &#1575;&#1604;&#1583;&#1572;&#1604;&#1610; /</subfield><subfield code="c">&#1581;&#1602;&#1602;&#1607; &#1608;&#1588;&#1585;&#1581;&#1607; &#1608;&#1602;&#1583;&#1605; &#1604;&#1607; &#1593;&#1576;&#1583; &#1575;&#1604;&#1605;&#1585;&#1610;&#1605; &#1575;&#1604;&#1583;&#1580;&#1610;&#1604;&#1610;.</subfield></datafield><datafield ind1=" " ind2=" " tag="880"><subfield code="6">250-03/</subfield><subfield code="a">&#1575;&#1604;&#1585;&#1576;&#1593;&#1577; &#1633;.</subfield></datafield><datafield ind1=" " ind2=" " tag="880"><subfield code="6">260-04/</subfield><subfield code="a">&#1576;&#1594;&#1583;&#1575;&#1583; :</subfield><subfield code="b">&#1588;&#1585;&#1603;&#1577; &#1575;&#1604;&#1606;&#1588;&#1585; &#1608;&#1575;&#1604;&#1591;&#1576;&#1575;&#1593;&#1577; &#1575;&#1604;&#1593;&#1585;&#1575;&#1602;&#1610;&#1577; &#1575;&#1604;&#1605;&#1581;&#1583;&#1608;&#1583;&#1577;&#1548;</subfield><subfield code="c">&#1633;&#1641;&#1637;&#1636;.</subfield></datafield><datafield ind1="1" ind2=" " tag="880"><subfield code="6">700-05/</subfield><subfield code="a">&#1583;&#1580;&#1610;&#1604;&#1610;&#1548; &#1593;&#1576;&#1583; &#1575;&#1604;&#1603;&#1585;&#1610;&#1605;.</subfield></datafield><datafield ind1=" " ind2=" " tag="959"><subfield code="a">NNU</subfield><subfield code="b">WEB</subfield><subfield code="c">GENI</subfield><subfield code="t">0</subfield><subfield code="m">Electronic access</subfield><subfield code="s">01</subfield></datafield><datafield ind1=" " ind2=" " tag="999"><subfield code="i">NNU_002823655</subfield><subfield code="s">nyu_aco000322</subfield></datafield></record>